<?xml version="1.0" encoding="UTF-8"?><record xmlns="http://www.loc.gov/MARC21/slim" xmlns:cinclude="http://apache.org/cocoon/include/1.0" xmlns:zs="http://www.loc.gov/zing/srw/">
  <leader>00563cz  a2200133n  4500</leader>
  <controlfield tag="001">n  77012622 </controlfield>
  <controlfield tag="003">DLC</controlfield>
  <controlfield tag="005">19900314085828.6</controlfield>
  <controlfield tag="008">771108n| acannaab|          |n aaa |||  </controlfield>
  <datafield tag="010" ind1=" " ind2=" ">
    <subfield code="a">n  77012622 </subfield>
  </datafield>
  <datafield tag="040" ind1=" " ind2=" ">
    <subfield code="a">DLC</subfield>
    <subfield code="c">DLC</subfield>
    <subfield code="d">DLC</subfield>
  </datafield>
  <datafield tag="100" ind1="1" ind2="0">
    <subfield code="a">Spender, Dale</subfield>
  </datafield>
  <datafield tag="670" ind1=" " ind2=" ">
    <subfield code="a">Boomer, G. The spitting image, 1976 (a.e.)</subfield>
    <subfield code="b">t.p. (Dale Spender) cover (Univ. of London; lect. in education, James Cook Univ., N. Queensland, since 1974)</subfield>
  </datafield>
  <datafield tag="670" ind1=" " ind2=" ">
    <subfield code="a">The Peaceful army, 1988:</subfield>
    <subfield code="b">t.p. (Dale Spender) p. 165 (b. 1943, Newcastle, lived in London and at present spends most of her time in Sydney)</subfield>
  </datafield>
</record>